% This file was created with JabRef 2.9.2.
% Encoding: MacRoman

@article{adams2007bayesian,
  title={Bayesian online changepoint detection},
  author={Adams, Ryan Prescott and MacKay, David JC},
  journal={arXiv preprint arXiv:0710.3742},
  year={2007}
}

@article{ahmed2012non,
  title={Non-Parametric Bayesian Human Motion Recognition Using a Single MEMS Tri-Axial Accelerometer},
  author={Ahmed, M Ejaz and Song, Ju Bin},
  journal={Sensors},
  volume={12},
  number={10},
  pages={13185--13211},
  year={2012},
  publisher={Molecular Diversity Preservation International}
}

@article{aizerman1964theoretical,
  title={Theoretical foundations of the potential function method in pattern recognition learning},
  author={Aizerman, A and Braverman, Emmanuel M and Rozoner, LI},
  journal={Automation and remote control},
  volume={25},
  pages={821--837},
  year={1964}
}

@article{akaike1974new,
  title={A new look at the statistical model identification},
  author={Akaike, Hirotugu},
  journal={Automatic Control, IEEE Transactions on},
  volume={19},
  number={6},
  pages={716--723},
  year={1974},
  publisher={Ieee}
}

@inproceedings{alippi2006adaptive,
  title={An adaptive cusum-based test for signal change detection},
  author={Alippi, Cesare and Roveri, Manuel},
  booktitle={Circuits and Systems, 2006. ISCAS 2006. Proceedings. 2006 IEEE International Symposium on},
  pages={4--pp},
  year={2006},
  organization={IEEE}
}

@article{anguitahuman,
  title={Human Activity Recognition on Smartphones using a Multiclass Hardware-Friendly Support Vector Machine},
  author={Anguita, Davide and Ghio, Alessandro and Oneto, Luca and Parra, Xavier and Reyes-Ortiz, Jorge L}
}

@misc{astram1984computer,
  title={Computer Controlled Systems: Theory and Design},
  author={Astram, KF and Wittenmark, B.},
  year={1984},
  publisher={Prentice Hall}
}

@inproceedings{avci2010activity,
  title={Activity recognition using inertial sensing for healthcare, wellbeing and sports applications: A survey},
  author={Avci, Akin and Bosch, Stephan and Marin-Perianu, Mihai and Marin-Perianu, Raluca and Havinga, Paul},
  booktitle={Architecture of Computing Systems (ARCS), 2010 23rd International Conference on},
  pages={1--10},
  year={2010},
  organization={VDE}
}

@article{bao2004activity,
  title={Activity recognition from user-annotated acceleration data},
  author={Bao, Ling and Intille, Stephen},
  journal={Pervasive Computing},
  pages={1--17},
  year={2004},
  publisher={Springer}
}

@INPROCEEDINGS{barbivc2004segmenting,
  author = {Barbi{\v{c}}, J. and Safonova, A. and Pan, J.Y. and Faloutsos, C. and Hodgins, J.K. and Pollard, N.S.},
  title = {Segmenting motion capture data into distinct behaviors},
  booktitle = {Proceedings of Graphics Interface 2004},
  year = {2004},
  pages = {185--194},
  organization = {Canadian Human-Computer Communications Society}
}

@book{barnett1994outliers,
  title={Outliers in statistical data},
  author={Barnett, Vic and Lewis, Toby},
  volume={3},
  year={1994},
  publisher={Wiley New York}
}

@article{baskin2010one,
  title={The One-Class Classification Approach to Data Description and to Models Applicability Domain},
  author={Baskin, Igor I and Kireeva, Natalia and Varnek, Alexandre},
  journal={Molecular Informatics},
  volume={29},
  number={8-9},
  pages={581--587},
  year={2010},
  publisher={Wiley Online Library}
}

@book{basseville1993detection,
  title={Detection of abrupt changes: theory and application},
  author={Basseville, M. and Nikiforov, I.V. and others},
  volume={104},
  year={1993},
  publisher={Prentice Hall Englewood Cliffs, NJ}
}

@inproceedings{bennett2000duality,
  title={Duality and geometry in SVM classifiers},
  author={Bennett, Kristin P and Bredensteiner, Erin J},
  booktitle={ICML},
  pages={57--64},
  year={2000}
}

@article{bernecker2012activity,
  title={Activity Recognition on 3D Accelerometer Data (Technical Report)},
  author={Bernecker, Thomas and Graf, Franz and Kriegel, Hans-Peter and Moennig, Christian and Dill, Dieter and Tuermer, Christoph},
  year = {2012}
}

@article{brown1975techniques,
  title={Techniques for testing the constancy of regression relationships over time},
  author={Brown, Robert L and Durbin, James and Evans, John M},
  journal={Journal of the Royal Statistical Society. Series B (Methodological)},
  pages={149--192},
  year={1975},
  publisher={JSTOR}
}

@article{camci2010change,
  title={Change point detection in time series data using support vectors},
  author={Camci, Fatih},
  journal={International Journal of Pattern Recognition and Artificial Intelligence},
  volume={24},
  number={01},
  pages={73--95},
  year={2010},
  publisher={World Scientific}
}

@article{camps2008kernel,
  title={Kernel-based framework for multitemporal and multisource remote sensing data classification and change detection},
  author={Camps-Valls, Gustavo and G{\'o}mez-Chova, Luis and Mu{\~n}oz-Mar{\'\i}, Jordi and Rojo-{\'A}lvarez, Jos{\'e} Luis and Mart{\'\i}nez-Ram{\'o}n, Manel},
  journal={Geoscience and Remote Sensing, IEEE Transactions on},
  volume={46},
  number={6},
  pages={1822--1835},
  year={2008},
  publisher={IEEE}
}

@article{chamroukhi2013joint,
  title={Joint segmentation of multivariate time series with hidden process regression for human activity recognition},
  author={Chamroukhi, F and Mohammed, S and Trabelsi, D and Oukhellou, L and Amirat, Y},
  journal={Neurocomputing},
  year={2013},
  publisher={Elsevier}
}

@article{chandola2009anomaly,
  title={Anomaly detection: A survey},
  author={Chandola, Varun and Banerjee, Arindam and Kumar, Vipin},
  journal={ACM Computing Surveys (CSUR)},
  volume={41},
  number={3},
  pages={15},
  year={2009},
  publisher={ACM}
}

@inproceedings{chen2004m,
  title={M-estimator based robust kernels for support vector machines},
  author={Chen, Jiun-Hung},
  booktitle={Pattern Recognition, 2004. ICPR 2004. Proceedings of the 17th International Conference on},
  volume={1},
  pages={168--171},
  year={2004},
  organization={IEEE}
}

@article{cheng2009efficient,
  title={An efficient algorithm for estimating a change-point},
  author={Cheng, Tsung-Lin},
  journal={Statistics \& Probability Letters},
  volume={79},
  number={5},
  pages={559--565},
  year={2009},
  publisher={Elsevier}
}

@article{choi2009least,
  title={Least squares one-class support vector machine},
  author={Choi, Young-Sik},
  journal={Pattern Recognition Letters},
  volume={30},
  number={13},
  pages={1236--1240},
  year={2009},
  publisher={Elsevier}
}

@article{cortes1995support,
  title={Support-vector networks},
  author={Cortes, Corinna and Vapnik, Vladimir},
  journal={Machine learning},
  volume={20},
  number={3},
  pages={273--297},
  year={1995},
  publisher={Springer}
}

@book{cristianini2000introduction,
  title={An introduction to support vector machines and other kernel-based learning methods},
  author={Cristianini, Nello and Shawe-Taylor, John},
  year={2000},
  publisher={Cambridge university press}
}

@ARTICLE{derawi2010accelerometer,
  author = {Derawi, M.O.},
  title = {Accelerometer-based gait analysis, a survey},
  journal = {Norsk informasjonssikkerhetskonferanse (NISK)},
  year = {2010},
  publisher = {Tapir Akademisk Forlag}
}

@article{devaul2001real,
  title={Real-time motion classification for wearable computing applications},
  author={DeVaul, R.W. and Dunn, S.},
  journal={2001, project paper, http://www.media.mit.edu/wearables/mithril/realtime. pdf},
  year={2001}
}

@ARTICLE{diday1976clustering,
  author = {Diday, E. and Simon, JC},
  title = {Clustering analysis},
  journal = {Digital Pattern Recognition},
  year = {1976},
  volume = {10},
  pages = {47--94},
  publisher = {Springer-Verlag, Secaucus, NJ}
}

@inproceedings{diehl2003svm,
  title={SVM incremental learning, adaptation and optimization},
  author={Diehl, Christopher P and Cauwenberghs, Gert},
  booktitle={Neural Networks, 2003. Proceedings of the International Joint Conference on},
  volume={4},
  pages={2685--2690},
  year={2003},
  organization={IEEE}
}

@article{duda1995pattern,
  title={Pattern Classification and Scene Analysis 2nd ed.},
  author={Duda, Richard O and Hart, Peter E and Stork, David G},
  year={1995}
}

@inproceedings{duque2012offline,
  title={Offline and online activity recognition on mobile devices using accelerometer data},
  author={Duque, Andr{\'e}s and Ord{\'o}{\~n}ez, Fco Javier and de Toledo, Paula and Sanchis, Araceli},
  booktitle={Proceedings of the 4th international conference on Ambient Assisted Living and Home Care},
  pages={208--215},
  year={2012},
  organization={Springer-Verlag}
}

@article{elmenreich2001introduction,
  title={An introduction to sensor fusion},
  author={Elmenreich, W.},
  year={2001},
  publisher={Institut for Technische Informatik, Vienna University of Technology, Austria}
}

@incollection{eskin2002geometric,
  title={A geometric framework for unsupervised anomaly detection},
  author={Eskin, Eleazar and Arnold, Andrew and Prerau, Michael and Portnoy, Leonid and Stolfo, Sal},
  booktitle={Applications of data mining in computer security},
  pages={77--101},
  year={2002},
  publisher={Springer}
}

@book{flach2012machine,
  title={Machine learning: the art and science of algorithms that make sense of data},
  author={Flach, Peter},
  year={2012},
  publisher={Cambridge University Press}
}

@article{fox2010bayesian,
  title={Bayesian nonparametric methods for learning Markov switching processes},
  author={Fox, Emily B and Sudderth, Erik B and Jordan, Michael I and Willsky, Alan S},
  journal={Signal Processing Magazine, IEEE},
  volume={27},
  number={6},
  pages={43--54},
  year={2010},
  publisher={IEEE}
}

@inproceedings{friedman1999data,
  title={Data analysis with Bayesian networks: A bootstrap approach},
  author={Friedman, N. and Goldszmidt, M. and Wyner, A.},
  booktitle={Proceedings of the Fifteenth conference on Uncertainty in artificial intelligence},
  pages={196--205},
  year={1999},
  organization={Morgan Kaufmann Publishers Inc.}
}

@article{fuchs2010online,
  title={Online segmentation of time series based on polynomial least-squares approximations},
  author={Fuchs, Erich and Gruber, Thiemo and Nitschke, Jiri and Sick, Bernhard},
  journal={Pattern Analysis and Machine Intelligence, IEEE Transactions on},
  volume={32},
  number={12},
  pages={2232--2245},
  year={2010},
  publisher={IEEE}
}

@article{girosi1998equivalence,
  title={An equivalence between sparse approximation and support vector machines},
  author={Girosi, Federico},
  journal={Neural computation},
  volume={10},
  number={6},
  pages={1455--1480},
  year={1998},
  publisher={MIT Press}
}

@ARTICLE{guenterberg2009distributed,
  author = {Guenterberg, E. and Ghasemzadeh, H. and Loseu, V. and Jafari, R.},
  title = {Distributed continuous action recognition using a hidden markov model in body sensor networks},
  journal = {Distributed Computing in Sensor Systems},
  year = {2009},
  pages = {145--158},
  publisher = {Springer}
}

@INPROCEEDINGS{guenterberg2009automatic,
  author = {Guenterberg, E. and Ostadabbas, S. and Ghasemzadeh, H. and Jafari, R.},
  title = {An automatic segmentation technique in body sensor networks based on signal energy},
  booktitle = {Proceedings of the Fourth International Conference on Body Area Networks},
  year = {2009},
  pages = {21},
  organization = {ICST (Institute for Computer Sciences, Social-Informatics and Telecommunications Engineering)}
}

@inproceedings{guo2012adaptive,
  title={An adaptive approach for online segmentation of multi-dimensional mobile data},
  author={Guo, Tian and Yan, Zhixian and Aberer, Karl},
  booktitle={Proceedings of the Eleventh ACM International Workshop on Data Engineering for Wireless and Mobile Access},
  pages={7--14},
  year={2012},
  organization={ACM}
}

@inproceedings{guralnik1999event,
  title={Event detection from time series data},
  author={Guralnik, V. and Srivastava, J.},
  booktitle={Proceedings of the fifth ACM SIGKDD international conference on Knowledge discovery and data mining},
  pages={33--42},
  year={1999},
  organization={ACM}
}

@article{gustafsson1996marginalized,
  title={The marginalized likelihood ratio test for detecting abrupt changes},
  author={Gustafsson, Fredrik},
  journal={Automatic Control, IEEE Transactions on},
  volume={41},
  number={1},
  pages={66--78},
  year={1996},
  publisher={IEEE}
}

@book{gustafsson2000adaptive,
  title={Adaptive filtering and change detection},
  author={Gustafsson, Fredrik},
  volume={1},
  year={2000},
  publisher={Wiley Londres}
}

@article{hall1997introduction,
  title={An introduction to multisensor data fusion},
  author={Hall, D.L. and Llinas, J.},
  journal={Proceedings of the IEEE},
  volume={85},
  number={1},
  pages={6--23},
  year={1997},
  publisher={IEEE}
}

@article{hall2009weka,
  title={The WEKA data mining software: an update},
  author={Hall, Mark and Frank, Eibe and Holmes, Geoffrey and Pfahringer, Bernhard and Reutemann, Peter and Witten, Ian H},
  journal={ACM SIGKDD Explorations Newsletter},
  volume={11},
  number={1},
  pages={10--18},
  year={2009},
  publisher={ACM}
}

@inproceedings{hampel2001robust,
  title={Robust statistics: A brief introduction and overview},
  author={Hampel, Frank Rudolf and Hampel, Frank Rudolf and Hampel, Frank Rudolf},
  year={2001},
  organization={Seminar f{\"u}r Statistik, Eidgen{\"o}ssische Technische Hochschule}
}

@book{hardle2004nonparametric,
  title={Nonparametric and semiparametric models},
  author={H{\"a}rdle, Wolfgang},
  year={2004},
  publisher={Springer Verlag}
}

@inproceedings{hastie2004entire,
  title={The entire regularization path for the support vector machine},
  author={Hastie, Trevor and Rosset, Saharon and Tibshirani, Robert and Zhu, Ji},
  booktitle={Journal of Machine Learning Research},
  pages={1391--1415},
  year={2004}
}

@inproceedings{he2008activity,
  title={Activity recognition from acceleration data using AR model representation and SVM},
  author={He, Zhen-Yu and Jin, Lian-Wen},
  booktitle={Machine Learning and Cybernetics, 2008 International Conference on},
  volume={4},
  pages={2245--2250},
  year={2008},
  organization={IEEE}
}

@inproceedings{he2009activity,
  title={Activity recognition from acceleration data based on discrete consine transform and SVM},
  author={He, Zhenyu and Jin, Lianwen},
  booktitle={Systems, Man and Cybernetics, 2009. SMC 2009. IEEE International Conference on},
  pages={5041--5044},
  year={2009},
  organization={IEEE}
}

@incollection{hempstalk2008one,
  title={One-class classification by combining density and class probability estimation},
  author={Hempstalk, Kathryn and Frank, Eibe and Witten, Ian H},
  booktitle={Machine Learning and Knowledge Discovery in Databases},
  pages={505--519},
  year={2008},
  publisher={Springer}
}

@INPROCEEDINGS{himberg2001time,
  author = {Himberg, J. and Korpiaho, K. and Mannila, H. and Tikanmaki, J. and Toivonen, H.T.T.},
  title = {Time series segmentation for context recognition in mobile devices},
  booktitle = {Data Mining, 2001. ICDM 2001, Proceedings IEEE International Conference on},
  year = {2001},
  pages = {203--210},
  organization = {IEEE}
}

@article{hodge2004survey,
  title={A survey of outlier detection methodologies},
  author={Hodge, Victoria and Austin, Jim},
  journal={Artificial Intelligence Review},
  volume={22},
  number={2},
  pages={85--126},
  year={2004},
  publisher={Springer}
}

@inproceedings{hu2011discovering,
  title={Discovering the intrinsic cardinality and dimensionality of time series using mdl},
  author={Hu, Bing and Rakthanmanon, Thanawin and Hao, Yuan and Evans, Scott and Lonardi, Stefano and Keogh, Eamonn},
  booktitle={Data Mining (ICDM), 2011 IEEE 11th International Conference on},
  pages={1086--1091},
  year={2011},
  organization={IEEE}
}

@misc{huber2009robust,
  title={Robust Statistics. 2009},
  author={Huber, Peter J and Ronchetti, Elvezio M},
  publisher={Wiley}
}

@article{hsu2007mosum,
  title={The MOSUM of squares test for monitoring variance changes},
  author={Hsu, Chih-Chiang},
  journal={Finance Research Letters},
  volume={4},
  number={4},
  pages={254--260},
  year={2007},
  publisher={Elsevier}
}

@ARTICLE{hynes2011accurate,
  author = {Hynes, M. and Wang, H. and McCarrick, E. and Kilmartin, L.},
  title = {Accurate monitoring of human physical activity levels for medical diagnosis and monitoring using off-the-shelf cellular handsets},
  journal = {Personal and Ubiquitous Computing},
  year = {2011},
  volume = {15},
  pages = {667--678},
  number = {7},
  publisher = {Springer}
}

@article{inclan1994use,
  title={Use of cumulative sums of squares for retrospective detection of changes of variance},
  author={Incl\'{a}n, Carla and Tiao, George C},
  journal={Journal of the American Statistical Association},
  volume={89},
  number={427},
  pages={913--923},
  year={1994},
  publisher={Taylor \& Francis}
}

@article{izenman1991review,
  title={Review Papers: Recent Developments in Nonparametric Density Estimation},
  author={Izenman, Alan Julian},
  journal={Journal of the American Statistical Association},
  volume={86},
  number={413},
  pages={205--224},
  year={1991},
  publisher={Taylor \& Francis}
}

@ARTICLE{jain1999data,
  author = {Jain, A.K. and Murty, M.N. and Flynn, P.J.},
  title = {Data clustering: a review},
  journal = {ACM computing surveys (CSUR)},
  year = {1999},
  volume = {31},
  pages = {264--323},
  number = {3},
  publisher = {ACM}
}

@BOOK{jolliffe2005principal,
  title = {Principal component analysis},
  publisher = {Wiley Online Library},
  year = {2005},
  author = {Jolliffe, I.}
}

@incollection{khan2010survey,
  title={A survey of recent trends in one class classification},
  author={Khan, Shehroz S and Madden, Michael G},
  booktitle={Artificial Intelligence and Cognitive Science},
  pages={188--197},
  year={2010},
  publisher={Springer}
}

@article{kanamori2009least,
  title={A least-squares approach to direct importance estimation},
  author={Kanamori, Takafumi and Hido, Shohei and Sugiyama, Masashi},
  journal={The Journal of Machine Learning Research},
  volume={10},
  pages={1391--1445},
  year={2009},
  publisher={JMLR. org}
}

@inproceedings{kawahara2009change,
  title={Change-point detection in time-series data by direct density-ratio estimation},
  author={Kawahara, Y. and Sugiyama, M.},
  booktitle={Proceedings of 2009 SIAM International Conference on Data Mining (SDM2009)},
  pages={389--400},
  year={2009}
}

@article{kawahara2012sequential,
  title={Sequential change-point detection based on direct density-ratio estimation},
  author={Kawahara, Yoshinobu and Sugiyama, Masashi},
  journal={Statistical Analysis and Data Mining},
  volume={5},
  number={2},
  pages={114--127},
  year={2012},
  publisher={Wiley Online Library}
}

@INPROCEEDINGS{keogh2001online,
  author = {Keogh, E. and Chu, S. and Hart, D. and Pazzani, M.},
  title = {An online algorithm for segmenting time series},
  booktitle = {Data Mining, 2001. ICDM 2001, Proceedings IEEE International Conference on},
  year = {2001},
  pages = {289--296},
  organization = {IEEE}
}

@article{keogh2004segmenting,
  title={Segmenting time series: A survey and novel approach},
  author={Keogh, Eamonn and Chu, Selina and Hart, David and Pazzani, Michael},
  journal={Data mining in time series databases},
  volume={57},
  pages={1--22},
  publisher={World Scientific Publishing}
}

@ARTICLE{kern2003multi,
  author = {Kern, N. and Schiele, B. and Schmidt, A.},
  title = {Multi-sensor activity context detection for wearable computing},
  journal = {Ambient Intelligence},
  year = {2003},
  pages = {220--232},
  publisher = {Springer}
}

@ARTICLE{krause2003unsupervised,
  author = {Krause, A. and Siewiorek, D.P. and Smailagic, A. and Farringdon, J.},
  title = {Unsupervised, dynamic identification of physiological and activity context in wearable computing},
  booktitle = {Proceedings of the 7th IEEE International Symposium on Wearable Computers},
  year = {2003},
  pages = {88},
  organization = {IEEE Computer Society}
}

@article{kwapisz2011activity,
  title={Activity recognition using cell phone accelerometers},
  author={Kwapisz, Jennifer R and Weiss, Gary M and Moore, Samuel A},
  journal={ACM SIGKDD Explorations Newsletter},
  volume={12},
  number={2},
  pages={74--82},
  year={2011},
  publisher={ACM}
}

@article{lee2178physical,
  title={Physical Activity Recognition Using a Single Tri-Axis Accelerometer},
  author={Lee, Mi-hee and Kim, Jungchae and Kim, Kwangsoo and Lee, Inho and Jee, Sun Ha and Yoo, Sun Kook},
  journal={Lecture Notes in Engineering and Computer Science},
  volume={2178}
}

@inproceedings{lester2005hybrid,
  title={A hybrid discriminative/generative approach for modeling human activities},
  author={Lester, Jonathan and Choudhury, Tanzeem and Kern, Nicky and Borriello, Gaetano and Hannaford, Blake},
  booktitle={Proceedings of the 19th international joint conference on Artificial intelligence},
  pages={766--772},
  year={2005}
}

@article{lester2006practical,
  title={A practical approach to recognizing physical activities},
  author={Lester, Jonathan and Choudhury, Tanzeem and Borriello, Gaetano},
  journal={Pervasive Computing},
  pages={1--16},
  year={2006},
  publisher={Springer}
}

@ARTICLE{li2007segmentation,
  author = {Li, C. and Zheng, SQ and Prabhakaran, B.},
  title = {Segmentation and recognition of motion streams by similarity search},
  journal = {ACM Transactions on Multimedia Computing, Communications, and Applications (TOMCCAP)},
  year = {2007},
  volume = {3},
  pages = {16},
  number = {3},
  publisher = {ACM}
}

@inproceedings{long2009single,
  title={Single-accelerometer-based daily physical activity classification},
  author={Long, Xi and Yin, Bin and Aarts, Ronald M},
  booktitle={Engineering in Medicine and Biology Society, 2009. EMBC 2009. Annual International Conference of the IEEE},
  pages={6107--6110},
  year={2009},
  organization={IEEE}
}
@article{liu2008novel,
  title={Novel online methods for time series segmentation},
  author={Liu, Xiaoyan and Lin, Zhenjiang and Wang, Huaiqing},
  journal={Knowledge and Data Engineering, IEEE Transactions on},
  volume={20},
  number={12},
  pages={1616--1626},
  year={2008},
  publisher={IEEE}
}

@article{liu2013change,
  title={Change-point detection in time-series data by relative density-ratio estimation},
  author={Liu, Song and Yamada, Makoto and Collier, Nigel and Sugiyama, Masashi},
  journal={Neural Networks},
  year={2013},
  publisher={Elsevier}
}

@inproceedings{ma2003online,
  title={Online novelty detection on temporal sequences},
  author={Ma, Junshui and Perkins, Simon},
  booktitle={Proceedings of the ninth ACM SIGKDD international conference on Knowledge discovery and data mining},
  pages={613--618},
  year={2003},
  organization={ACM}
}

@inproceedings{ma2003time,
  title={Time-series novelty detection using one-class support vector machines},
  author={Ma, Junshui and Perkins, Simon},
  booktitle={Neural Networks, 2003. Proceedings of the International Joint Conference on},
  volume={3},
  pages={1741--1745},
  year={2003},
  organization={IEEE}
}

@article{mannini2010machine,
  title={Machine learning methods for classifying human physical activity from on-body accelerometers},
  author={Mannini, Andrea and Sabatini, Angelo Maria},
  journal={Sensors},
  volume={10},
  number={2},
  pages={1154--1175},
  year={2010},
  publisher={Molecular Diversity Preservation International}
}

@article{markin1997technology,
  title={Technology foresight on data fusion and data processing},
  author={Markin, M. and Harris, C. and Bernhardt, M. and Austin, J. and Bedworth, M. and Greenway, P. and Johnston, R. and Little, A. and Lowe, D.},
  journal={The royal aeronautical society},
  year={1997}
}

@article{markou2003novelty,
  title={Novelty detection: a review—part 1: statistical approaches},
  author={Markou, Markos and Singh, Sameer},
  journal={Signal processing},
  volume={83},
  number={12},
  pages={2481--2497},
  year={2003},
  publisher={Elsevier}
}

@ARTICLE{mathie2004classification,
  author = {Mathie, MJ and Celler, BG and Lovell, NH and Coster, A.C.F.},
  title = {Classification of basic daily movements using a triaxial accelerometer},
  journal = {Medical and Biological Engineering and Computing},
  year = {2004},
  volume = {42},
  pages = {679--687},
  number = {5},
  publisher = {Springer}
}

@article{mavroforakis2006geometric,
  title={A geometric approach to support vector machine (SVM) classification},
  author={Mavroforakis, Michael E and Theodoridis, Sergios},
  journal={Neural Networks, IEEE Transactions on},
  volume={17},
  number={3},
  pages={671--682},
  year={2006},
  publisher={IEEE}
}

@INPROCEEDINGS{minnen2005recognizing,
  author = {Minnen, D. and Starner, T. and Ward, JA and Lukowicz, P. and Troster, G.},
  title = {Recognizing and discovering human actions from on-body sensor data},
  booktitle = {Multimedia and Expo, 2005. ICME 2005. IEEE International Conference on},
  year = {2005},
  pages = {1545--1548},
  organization = {IEEE}
}

@inproceedings{minnen2006discovering,
  title={Discovering characteristic actions from on-body sensor data},
  author={Minnen, David and Starner, Thad and Essa, M and Isbell, Charles},
  booktitle={Wearable Computers, 2006 10th IEEE International Symposium on},
  pages={11--18},
  year={2006},
  organization={IEEE}
}

@article{mountrakis2011support,
  title={Support vector machines in remote sensing: A review},
  author={Mountrakis, Giorgos and Im, Jungho and Ogole, Caesar},
  journal={ISPRS Journal of Photogrammetry and Remote Sensing},
  volume={66},
  number={3},
  pages={247--259},
  year={2011},
  publisher={Elsevier}
}

@incollection{muller1997predicting,
  title={Predicting time series with support vector machines},
  author={M{\"u}ller, K-R and Smola, Alex J and R{\"a}tsch, Gunnar and Sch{\"o}lkopf, Bernhard and Kohlmorgen, Jens and Vapnik, Vladimir},
  booktitle={Artificial Neural Networks—ICANN'97},
  pages={999--1004},
  year={1997},
  publisher={Springer}
}

@article{murphy2002dynamic,
  title={Dynamic bayesian networks},
  author={Murphy, K.P.},
  journal={Probabilistic Graphical Models, M. Jordan},
  year={2002}
}

@book{murphy2012machine,
  title={Machine learning: a probabilistic perspective},
  author={Murphy, Kevin P},
  year={2012},
  publisher={The MIT Press}
}

@inproceedings{noumir2012simple,
  title={On simple one-class classification methods},
  author={Noumir, Zineb and Honeine, Paul and Richard, Cedue},
  booktitle={Information Theory Proceedings (ISIT), 2012 IEEE International Symposium on},
  pages={2022--2026},
  year={2012},
  organization={IEEE}
}

@INPROCEEDINGS{oliver2002layered,
  author = {Oliver, N. and Horvitz, E. and Garg, A.},
  title = {Layered representations for human activity recognition},
  booktitle = {Multimodal Interfaces, 2002. Proceedings. Fourth IEEE International
	Conference on},
  year = {2002},
  pages = {3--8},
  organization = {IEEE}
}

@article{page1954continuous,
  title={Continuous inspection schemes},
  author={Page, ES},
  journal={Biometrika},
  volume={41},
  number={1/2},
  pages={100--115},
  year={1954},
  publisher={JSTOR}
}

@INPROCEEDINGS{pelleg2000x,
  author = {Pelleg, D. and Moore, A. and others},
  title = {X-means: Extending k-means with efficient estimation of the number of clusters},
  booktitle = {Proceedings of the Seventeenth International Conference on Machine Learning},
  year = {2000},
  volume = {1},
  pages = {727--734},
  organization = {San Francisco}
}

@INPROCEEDINGS{perdikis2008recognition,
  author = {Perdikis, S. and Tzovaras, D. and Strintzis, M.G.},
  title = {Recognition of human activities using layered hidden Markov models},
  booktitle = {Cognitive Information Processing Workshop},
  year = {2008},
  pages = {114--119},
  organization = {Citeseer}
}

@ARTICLE{rabiner1989tutorial,
  author = {Rabiner, L.R.},
  title = {A tutorial on hidden Markov models and selected applications in speech recognition},
  journal = {Proceedings of the IEEE},
  year = {1989},
  volume = {77},
  pages = {257--286},
  number = {2},
  publisher = {IEEE}
}

@article{rakthanmanon2012mdl,
  title={MDL-based time series clustering},
  author={Rakthanmanon, Thanawin and Keogh, Eamonn J and Lonardi, Stefano and Evans, Scott},
  journal={Knowledge and Information Systems},
  volume={33},
  number={2},
  pages={371--399},
  year={2012},
  publisher={Springer}
}

@inproceedings{ravi2005activity,
  title={Activity recognition from accelerometer data},
  author={Ravi, Nishkam and Dandekar, Nikhil and Mysore, Preetham and Littman, Michael L},
  booktitle={Proceedings of the national conference on artificial intelligence},
  volume={20},
  number={3},
  pages={1541},
  year={2005},
  organization={Menlo Park, CA; Cambridge, MA; London; AAAI Press; MIT Press; 1999}
}

@ARTICLE{scholkopf1998nonlinear,
  author = {Sch{\"o}lkopf, B. and Smola, A. and M{\"u}ller, K.R.},
  title = {Nonlinear component analysis as a kernel eigenvalue problem},
  journal = {Neural computation},
  year = {1998},
  volume = {10},
  pages = {1299--1319},
  number = {5},
  publisher = {MIT Press}
}

@book{scholkopf1999advances,
  title={Advances in kernel methods: support vector learning},
  author={Sch{\"o}lkopf, Bernhard and Burges, Christopher JC},
  year={1999},
  publisher={The MIT press}
}

@inproceedings{scholkopf1999support,
  title={Support Vector Method for Novelty Detection.},
  author={Sch{\"o}lkopf, Bernhard and Williamson, Robert C and Smola, Alex J and Shawe-Taylor, John and Platt, John C},
  booktitle={NIPS},
  volume={12},
  pages={582--588},
  year={1999}
}

@article{scholkopf1999sv,
  title={SV estimation of a distribution’s support},
  author={Sch{\"o}lkopf, Bernhard and Williamson, R and Smola, Alex and Shawe-Taylor, John},
  journal={Advances in neural information processing systems},
  volume={12},
  year={1999}
}

@article{scholkopf2001estimating,
  title={Estimating the support of a high-dimensional distribution},
  author={Sch{\"o}lkopf, Bernhard and Platt, John C and Shawe-Taylor, John and Smola, Alex J and Williamson, Robert C},
  journal={Neural computation},
  volume={13},
  number={7},
  pages={1443--1471},
  year={2001},
  publisher={MIT Press}
}

@article{schubert2012local,
  title={Local outlier detection reconsidered: a generalized view on locality with applications to spatial, video, and network outlier detection},
  author={Schubert, Erich and Zimek, Arthur and Kriegel, Hans-Peter},
  journal={Data Mining and Knowledge Discovery},
  pages={1--48},
  year={2012},
  publisher={Springer}
}

@ARTICLE{sherril2005using,
  AUTHOR = {Sherrill, Delsey and Moy, Marilyn and Reilly, John and Bonato, Paolo},
  TITLE = {Using hierarchical clustering methods to classify motor activities of COPD patients from wearable sensor data},
  JOURNAL = {Journal of NeuroEngineering and Rehabilitation},
  VOLUME = {2},
  YEAR = {2005},
  NUMBER = {1},
  PAGES = {16},
  URL = {http://www.jneuroengrehab.com/content/2/1/16},
  DOI = {10.1186/1743-0003-2-16},
  PubMedID = {15987518},
  ISSN = {1743-0003}
}

@INPROCEEDINGS{shi2009towards,
  author = {Shi, G. and Zou, Y. and Jin, Y. and Cui, X. and Li, W.J.},
  title = {Towards HMM based human motion recognition using MEMS inertial sensors},
  booktitle = {Robotics and Biomimetics, 2008. ROBIO 2008. IEEE International Conference on},
  year = {2009},
  pages = {1762--1766},
  organization = {IEEE}
}

@article{siirtola2012recognizing,
  title={Recognizing human activities user-independently on smartphones based on accelerometer data},
  author={Siirtola, Pekka and R{\"o}ning, Juha},
  journal={IJIMAI},
  volume={1},
  number={5},
  pages={38--45},
  year={2012}
}

@ARTICLE{smith2002tutorial,
  author = {Smith, L.I.},
  title = {A tutorial on principal components analysis},
  journal = {Cornell University, USA},
  year = {2002},
  volume = {51},
  pages = {52}
}

@article{smola1998connection,
  title={The connection between regularization operators and support vector kernels},
  author={Smola, Alex J and Sch{\"o}lkopf, Bernhard and M{\"u}ller, Klaus-Robert},
  journal={Neural Networks},
  volume={11},
  number={4},
  pages={637--649},
  year={1998},
  publisher={Elsevier}
}

@article{shlens2005tutorial,
  title={A tutorial on principal component analysis},
  author={Shlens, J.},
  journal={Systems Neurobiology Laboratory, University of California at San Diego},
  year={2005}
}

@article{song2002robust,
  title={Robust support vector machine with bullet hole image classification},
  author={Song, Qing and Hu, Wenjie and Xie, Wenfang},
  journal={Systems, Man, and Cybernetics, Part C: Applications and Reviews, IEEE Transactions on},
  volume={32},
  number={4},
  pages={440--448},
  year={2002},
  publisher={IEEE}
}

@inproceedings{steinwart2005classification,
  title={A classification framework for anomaly detection},
  author={Steinwart, Ingo and Hush, Don R and Scovel, Clint},
  booktitle={Journal of Machine Learning Research},
  pages={211--232},
  year={2005}
}

@article{sugiyama2008direct,
  title={Direct importance estimation for covariate shift adaptation},
  author={Sugiyama, Masashi and Suzuki, Taiji and Nakajima, Shinichi and Kashima, Hisashi and von B{\"u}nau, Paul and Kawanabe, Motoaki},
  journal={Annals of the Institute of Statistical Mathematics},
  volume={60},
  number={4},
  pages={699--746},
  year={2008},
  publisher={Springer}
}

@book{sugiyama2012density,
  title={Density ratio estimation in machine learning},
  author={Sugiyama, Masashi and Suzuki, Taiji and Kanamori, Takafumi},
  year={2012},
  publisher={Cambridge University Press}
}

@article{suykens1999least,
  title={Least squares support vector machine classifiers},
  author={Suykens, Johan AK and Vandewalle, Joos},
  journal={Neural processing letters},
  volume={9},
  number={3},
  pages={293--300},
  year={1999},
  publisher={Springer}
}

@article{takeuchi2006unifying,
  title={A unifying framework for detecting outliers and change points from time series},
  author={Takeuchi, Jun-ichi and Yamanishi, Kenji},
  journal={Knowledge and Data Engineering, IEEE Transactions on},
  volume={18},
  number={4},
  pages={482--492},
  year={2006},
  publisher={IEEE}
}

@article{tax1999support,
  title={Support vector domain description},
  author={Tax, David MJ and Duin, Robert PW},
  journal={Pattern recognition letters},
  volume={20},
  number={11},
  pages={1191--1199},
  year={1999},
  publisher={Elsevier}
}

@inproceedings{tax1999supportdata,
  title={Support vector data description applied to machine vibration analysis},
  author={Tax, D and Ypma, Alexander and Duin, R},
  booktitle={Proc. 5th Annual Conference of the Advanced School for Computing and Imaging},
  pages={15--17},
  year={1999},
  organization={Citeseer}
}

@article{tax2001one,
  title={One-class classification},
  author={Tax, David MJ},
  year={2001}
}

@inproceedings{tax2003online,
  title={Online SVM learning: from classification to data description and back},
  author={Tax, David MJ and Laskov, Pavel},
  booktitle={Neural Networks for Signal Processing, 2003. NNSP'03. 2003 IEEE 13th Workshop on},
  pages={499--508},
  year={2003},
  organization={IEEE}
}

@article{tax2004support,
  title={Support vector data description},
  author={Tax, David MJ and Duin, Robert PW},
  journal={Machine learning},
  volume={54},
  number={1},
  pages={45--66},
  year={2004},
  publisher={Springer}
}

@article{tipping1999probabilistic,
  title={Probabilistic principal component analysis},
  author={Tipping, Michael E and Bishop, Christopher M},
  journal={Journal of the Royal Statistical Society: Series B (Statistical Methodology)},
  volume={61},
  number={3},
  pages={611--622},
  year={1999},
  publisher={Wiley Online Library}
}

@misc{vapnik1998statistical,
  title={Statistical learning theory. 1998},
  author={Vapnik, Vladimir},
  year={1998},
  publisher={Wiley, New York}
}

@book{vapnik1999nature,
  title={The nature of statistical learning theory},
  author={Vapnik, Vladimir},
  year={1999},
  publisher={springer}
}

@article{vapnik1999overview,
  title={An overview of statistical learning theory},
  author={Vapnik, Vladimir N},
  journal={Neural Networks, IEEE Transactions on},
  volume={10},
  number={5},
  pages={988--999},
  year={1999},
  publisher={IEEE}
}

@ARTICLE{ward2006activity,
  author = {Ward, J.A. and Lukowicz, P. and Troster, G. and Starner, T.E.},
  title = {Activity recognition of assembly tasks using body-worn microphones and accelerometers},
  journal = {Pattern Analysis and Machine Intelligence, IEEE Transactions on},
  year = {2006},
  volume = {28},
  pages = {1553--1567},
  number = {10},
  publisher = {IEEE}
}

@article{warren2005clustering,
  title={Clustering of time series data — a survey},
  author={Warren Liao, T.},
  journal={Pattern Recognition},
  volume={38},
  number={11},
  pages={1857--1874},
  year={2005},
  publisher={Elsevier}
}

@article{weston1999support,
  title={Support Vector Density Estimation},
  author={Weston, J and Gammerman, A and Stitson, MO and Vapnik, V and Vovk, V and Watkins, C},
  year={1999}
}

@ARTICLE{wold1987principal,
  author = {Wold, S. and Esbensen, K. and Geladi, P.},
  title = {Principal component analysis},
  journal = {Chemometrics and intelligent laboratory systems},
  year = {1987},
  volume = {2},
  pages = {37--52},
  number = {1},
  publisher = {Elsevier}
}

@article{yamada2013relative,
  title={Relative Density-Ratio Estimation for Robust Distribution Comparison},
  author={Yamada, Makoto and Suzuki, Taiji and Kanamori, Takafumi and Hachiya, Hirotaka and Sugiyama, Masashi},
  journal={Neural computation},
  volume={25},
  number={5},
  pages={1324--1370},
  year={2013},
  publisher={MIT Press}
}

@article{yang2008using,
  title={Using acceleration measurements for activity recognition: An effective learning algorithm for constructing neural classifiers},
  author={Yang, Jhun-Ying and Wang, Jeen-Shing and Chen, Yen-Ping},
  journal={Pattern recognition letters},
  volume={29},
  number={16},
  pages={2213--2220},
  year={2008},
  publisher={Elsevier}
}

@INPROCEEDINGS{yang2008distributed,
  author = {Yang, A.Y. and Iyengar, S. and Sastry, S. and Bajcsy, R. and Kuryloski, P. and Jafari, R.},
  title = {Distributed segmentation and classification of human actions using a wearable motion sensor network},
  booktitle = {Computer Vision and Pattern Recognition Workshops, 2008. CVPRW'08. IEEE Computer Society Conference on},
  year = {2008},
  pages = {1--8},
  organization = {IEEE}
}

@ARTICLE{yang2009distributed,
  author = {Yang, A.Y. and Jafari, R. and Sastry, S.S. and Bajcsy, R.},
  title = {Distributed recognition of human actions using wearable motion sensor networks},
  journal = {Journal of Ambient Intelligence and Smart Environments},
  year = {2009},
  volume = {1},
  pages = {103--115},
  number = {2},
  publisher = {IOS Press}
}

@article{yin2008sensor,
  title={Sensor-based abnormal human-activity detection},
  author={Yin, Jie and Yang, Qiang and Pan, Jeffrey Junfeng},
  journal={Knowledge and Data Engineering, IEEE Transactions on},
  volume={20},
  number={8},
  pages={1082--1090},
  year={2008},
  publisher={IEEE}
}

@ARTICLE{zacks2001event,
  author = {Zacks, J.M. and Tversky, B.},
  title = {Event structure in perception and conception.},
  journal = {Psychological bulletin},
  year = {2001},
  volume = {127},
  pages = {3},
  number = {1},
  publisher = {American Psychological Association}
}

@article{zeira2004change,
  title={Change detection in classification models induced from time series data},
  author={Zeira, Gil and Maimon, Oded and Last, Mark and Rokach, Lior},
  journal={Data Mining in Time Series Databases”, M. Last, A. Kandel, and H. Bunke (Editors), World Scientific, Series in Machine Perception and Artificial Intelligence},
  volume={57},
  pages={101--125},
  year={2004}
}

@article{zhang2011optimal,
  title={Optimal model selection for posture recognition in home-based healthcare},
  author={Zhang, Shumei and McCullagh, Paul and Nugent, Chris and Zheng, Huiru and Baumgarten, Matthias},
  journal={International Journal of Machine Learning and Cybernetics},
  volume={2},
  number={1},
  pages={1--14},
  year={2011},
  publisher={Springer}
}

@INPROCEEDINGS{zhou2008aligned,
  author = {Zhou, F. and Torre, F. and Hodgins, J.K.},
  title = {Aligned cluster analysis for temporal segmentation of human motion},
  booktitle = {Automatic Face \& Gesture Recognition, 2008. FG'08. 8th IEEE International
	Conference on},
  year = {2008},
  pages = {1--7},
  organization = {IEEE}
}


